@misc{website:boilerpipe,     
      title = "Boilerpipe Python library",
      howpublished = "https://pypi.python.org/pypi/boilerpipe"
}
@misc{website:stopWordList,     
      title = "Stop Word List",
      howpublished = "http://www.ranks.nl/stopwords"
}
@misc{website:graphs,     
      title = "Draw line plot in gnuplot",
      howpublished = "https://github.com/rdp/ruby_gnuplot"
}
@misc{website:latexTables,     
      title = "Draw tables in {LaTex}",
      howpublished = "http://en.wikibooks.org/wiki/LaTeX/Tables"
}
@misc{website:zipfsLaw,     
      title = "Zipf's Law",
      howpublished = "http://en.wikipedia.org/wiki/Zipf%27s_law"
}
